





@article{doi:10.1063/1.4755946,
author = {Yang,Jerry Zhijian  and Wu,Xiaojie  and Li,Xiantao },
title = {A generalized Irvingâ€“Kirkwood formula for the calculation of stress in molecular dynamics models},
journal = {The Journal of Chemical Physics},
volume = {137},
number = {13},
pages = {134104},
year = {2012},
doi = {10.1063/1.4755946},

URL = { 
        https://doi.org/10.1063/1.4755946
    
},
eprint = { 
        https://doi.org/10.1063/1.4755946
    
}

}


