





@article{doi:10.1143/JPSJ.12.1203,
author = {Kubo ,Ryogo and Yokota ,Mario and Nakajima ,Sadao},
title = {Statistical-Mechanical Theory of Irreversible Processes. II. Response to Thermal Disturbance},
journal = {Journal of the Physical Society of Japan},
volume = {12},
number = {11},
pages = {1203-1211},
year = {1957},
doi = {10.1143/JPSJ.12.1203},

URL = { 
        https://doi.org/10.1143/JPSJ.12.1203
    
},
eprint = { 
        https://doi.org/10.1143/JPSJ.12.1203
    
}

}


